@ARTICLE{CAG.15.Cockett,
  AUTHOR = {Rowan Cockett and Seogi Kang and Lindsey J[] Heagy and Adam
    Pidlisecky and Douglas W[] Oldenburg},
  TITLE = {{SimPEG}: {A}n open source framework for simulation and gradient
    based parameter estimation in geophysical applications},
  JOURNAL = {Computers \& Geosciences},
  VOLUME = {85},
  PAGES = {142--154},
  YEAR = {2015},
  NOTE = {\href{https://doi.org/10.1016/j.cageo.2015.09.015}{doi:
    10.1016/j.cageo.2015.09.015}}
}

@ARTICLE{GEO.17.Werthmuller,
  AUTHOR = {Dieter Werthmüller},
  TITLE = {An open-source full {3D} electromagnetic modeler for {1D} {VTI}
    media in {P}ython: empymod},
  YEAR = {2017},
  JOURNAL = {Geophysics},
  VOLUME = {82},
  NUMBER = {6},
  PAGES = {WB9--WB19},
  NOTE = {\href{https://doi.org/10.1190/geo2016-0626.1}{doi:
    10.1190/geo2016-0626.1}}
  }

@ARTICLE{GEO.18.Rochlitz,
  AUTHOR = {Raphael Rochlitz and Nico Skibbe and Thomas Günther},
  TITLE = {{custEM}: customizable finite element simulation of complex
    controlled-source electromagnetic data},
  JOURNAL = {Geophysics},
  VOLUME = {84},
  NUMBER = {2},
  PAGES = {F17--F33},
  YEAR = {2019},
  NOTE = {\href{https://doi.org/10.1190/geo2018-0208.1}{doi: 10.1190/geo2018-0208.1}}
}

@ARTICLE{CAG.18.CastilloReyes,
  AUTHOR = {Octavio Castillo-Reyes and Josep de la Puente and José María Cela},
  TITLE = {{PETGEM}: {A} parallel code for {3D} {CSEM} forward modeling using edge finite elements},
  JOURNAL = {Computers \& Geosciences},
  VOLUME = {119},
  PAGES = {123--136},
  YEAR = {2018},
  NOTE = {\href{https://doi.org/10.1016/j.cageo.2018.07.005}{doi:
    10.1016/j.cageo.2018.07.005}}
}

@ARTICLE{JOSS.19.Werthmuller,
  AUTHOR = {Dieter Werthmüller and Wim A[] Mulder and Evert C[] Slob},
  TITLE = {emg3d: A multigrid solver for 3D electromagnetic diffusion},
  YEAR = {2019},
  JOURNAL = {Journal of Open-Source Software},
  VOLUME = {4},
  NUMBER = {37},
  PAGES = {1463},
  NOTE = {\href{https://doi.org/10.21105/joss.01463}{doi: 10.21105/joss.01463}}
 }
